@MISC{nordicapis,
  author = 	 {J. Simpson},
  title = 	 {5 best speech to text apis},
  url = {https://nordicapis.com/5-best-speech-to-text-apis/},
  year = {2019},
  urldate = {2020-04-22}
}

@MISC{google_cloud,
  author = 	 {Google},
  title = 	 {Speech-to-Text API},
  url = {https://cloud.google.com/speech-to-text},
  urldate = {2020-04-22}
}

@MISC{ibm,
  author = 	 {IBM},
  title = 	 {watson Speech-to-Text API},
  url = {https://www.ibm.com/cloud/watson-speech-to-text},
  urldate = {2020-04-22}
}

@MISC{microsoft,
  author = 	 {Microsoft},
  title = 	 {Speech-to-Text API},
  url = {https://azure.microsoft.com/en-us/services/cognitive-services/speech-to-text/},
  urldate = {2020-04-22}
}

@MISC{android,
  author = 	 {Android},
  title = 	 {Android developer},
  url = {https://developer.android.com},
  urldate = {2020-03-22}
}

@MISC{google_cloud_console,
  author = 	 {Google},
  title = 	 {Google cloud console},
  url = {https://console.cloud.google.com/home/dashboard},
  urldate = {2020-03-30}
}

@MISC{refactoring_guru,
  author = 	 {Refactoring Guru},
  title = 	 {Refactoring Guru-Desing pattern Builder},
  url = {https://refactoring.guru/design-patterns/builder},
  urldate = {2020-03-30}
}

@MISC{github_url_1,
  author = 	 {Github},
  title = 	 {Infinite Stream Recognize},
  url = {https://github.com/GoogleCloudPlatform/java-docs-samples/blob/master/speech/cloud-client/src/main/java/com/example/speech/InfiniteStreamRecognize.java},
  urldate = {2020-06-30}
}


